@article{MontModMul,
	author = {Peter L. Montgomery },
	title = {Modular Multiplication Without Trail Division},
	year = {1985},
	journal = {Mathematics of Computation},
	volume = {44},
	number = {170},
	pages = {519-521}
}

@article{NedMour,
	author = {Nedjah N. de Macedo Mourelle L.},
	title = {Three Hardware Architectures for the Binary Modular Exponentiation: Sequential, Parallel, and Systolic},
	journal = {IEEE Transactions on Circuits and Systems - I: Regular Papers}, 
	volume = {53}, 
	number = {3},
	pages = {627-633},
	year = {2006}
}

@misc{XilinxPLB,
	author = {Xilinx},
	title = {PLBV46 SLAVE SINGLE (v1.01a) DS561},
	howpublished = {\url{http://www.xilinx.com/support/documentation/ip_documentation/plbv46_slave_single.pdf}}
}

@misc{XilinxIntr,
	author = {Xilinx},
	title = {Interrupt Control (v2.01a) DS516},
	howpublished = {\url{http://www.xilinx.com/support/documentation/ip_documentation/interrupt_control.pdf}}
}
