% This file was created with JabRef 2.3.1.
% Encoding: UTF8

@CONFERENCE{ks08,
  author = {Martin Kumm and Mohammad Shahab Sanjari},
  title = {{D}igital {H}ilbert {T}ransformers for {FPGA}-based {P}hase-{L}ocked
	{L}oops},
  booktitle = {International Conference on Field Programmable Logic and Applications
	2008},
  year = {2008},
  pages = {251-256},
  owner = {pluto},
  timestamp = {2008.11.12}
}

@BOOK{mb07,
  title = {Digital Signal Processing with Field Programmable Gate Arrays, 3rd
	Edition},
  publisher = {Springer},
  year = {2007},
  author = {Uwe Meyer-Baese},
  address = {Berlin},
  isbn = {978-3-540-72612-8},
  owner = {kumm},
  timestamp = {2008.03.12}
}

@comment{jabref-meta: selector_publisher:}

@comment{jabref-meta: selector_author:}

@comment{jabref-meta: selector_journal:}

@comment{jabref-meta: selector_keywords:}

