@misc{Altera:Avalon,
  title =		 {Avalon Interface Specification},
  organization = {Altera Corporation},
  address =		 {101 Innovation Drive, San Jose, CA, US},
  year =		 {2005},
  key =	 {MNL-AVABUSREF-3.1},
  type = {Specification}, 
  url =	 {http://www.altera.com/literature/manual/mnl\_avalon\_spec.pdf}
}

@misc{LaBr05,
  title =		 {AES Calculator},
  author = {Lawrie Brown},
  organization = {ADFA},
  address =		 {Canberra, Australia},
  year =		 {2005},
  key =	 {AESCalc},
  type = {Specification}, 
  url =	 {http://www.unsw.adfa.edu.au/~lpb/src/AEScalc/index.html}
}

@misc{OC:WBspec,
  title = 		 {WISHBONE SoC Architecture Specification, Revision B.3},
  author =   {Richard Herveille},
  organization = {Opencores Organization},
  address = 	 {},
  edition = 	 {},
  month = 	 {Sept.},
  year = 	 {2002},
  url = 	 {http://www.opencores.org/downloads/wbspec_b3.pdf},
}


@misc{NIST:Fips197,
  title = 		 {FIPS-197 Announcing the Advanced Encryption Standard (AES) },
  organization = {National Institute of Standards and Technology (NIST)},
  address = 	 {100 Bureau Drive, Stop 1070, Gaithersburg, MD, US},
  edition = 	 {Federal Information Processing Standards Publication 197},
  month = 	 {Nov.},
  year = 	 {2001},
  url = 	 {http://csrc.nist.gov/publications/fips/fips197/fips-197.pdf},
}


@misc{Xilinx:wp284,
  title = 		 {Advantages of the Virtex-5 FPGA 6-Input LUT Architecture},
  author = {Andrew Percey},
  organization = {Xilinx Inc.},
  address = 	 { 2100 Logic Drive, San Jose CA USA },
  edition = 	 {Whitpaper 284},
  month = 	 {Dec.},
  year = 	 {2007},
  url = 	 {http://www.xilinx.com/support/documentation/white_papers/wp284.pdf},
}


@misc{Altera:01007,
  title= {Stratix III FPGAs vs. Xilinx Virtex-5 Devices: Architecture and Performance Comparison},
  organization = {Altera Corporation}, 
  address = { 101 Innovation Drive, San Jose CA USA},
  edition = 	 {Whitepaper 01007-v2.1},
  month = 	 {Oct.},
  year = 	 {2007},
  url ={http://www.altera.com/literature/wp/wp-01007.pdf}
}

@misc{Wiki:AvWb,
  title = 		 {Wishbone - Computer Bus},
  organization = {wikipedia.org},
  lastchecked = {2009-04-20},
  url = 	 {http://en.wikipedia.org/wiki/Wishbone\_computer\_bus)#Comparisons},
}

