% This should the last document processed by sphinx (to resolve all citations). hence
% the z_ prefix to the filename

@INPROCEEDINGS{XTang_FPL_2019,
author={X. Tang and E. Giacomin and A. Alacchi and B. Chauviere and P. Gaillardon},
booktitle={2019 29th International Conference on Field Programmable Logic and Applications (FPL)},
title={OpenFPGA: An Opensource Framework Enabling Rapid Prototyping of Customizable FPGAs},
year={2019},
volume={},
number={},
pages={367-374},
keywords={field programmable gate arrays;logic design;reconfigurable architectures;software prototyping;OpenFPGA;FPGA architectures;semicustom design;XML-to-Prototype design flow;Verilog netlists;FPGA fabric;XML language;VTR framework;production-ready layouts;fully-optimized commercial products;data processing applications;Field Programmable Gate Arrays;programmable accelerators;computing systems;Verilog-to-Bitstream generator;Field programmable gate arrays;Computer architecture;Hardware design languages;XML;Microprocessors;Layout;Libraries;FPGA;Verilog generator;Bitstream generation;Semi Custom Designed FPGA},
doi={10.1109/FPL.2019.00065},
ISSN={1946-147X},
month={Sep.},}
