@ONLINE{Spartan,
author = {Xilinx},
title = {Spartan-3E FPGA Family Data Sheet},
day = 14,
month = feb,
year = {2014},
url = {http://www.xilinx.com/support/documentation/data_sheets/ds312.pdf}
}

@ONLINE{Digilent,
author = {Digilent},
title = {Spartan 3E Starter Board},
day = 14,
month = feb,
year = {2014},
url = {http://www.digilentinc.com/Products/Detail.cfm?Prod=S3EBOARD}
}

@incollection{PRESENT,
year={2007},
isbn={978-3-540-74734-5},
booktitle={Cryptographic Hardware and Embedded Systems - CHES 2007},
volume={4727},
series={Lecture Notes in Computer Science},
editor={Paillier, Pascal and Verbauwhede, Ingrid},
doi={10.1007/978-3-540-74735-2_31},
title={PRESENT: An Ultra-Lightweight Block Cipher},
url={http://dx.doi.org/10.1007/978-3-540-74735-2_31},
publisher={Springer Berlin Heidelberg},
author={Bogdanov, A. and Knudsen, L.R. and Leander, G. and Paar, C. and Poschmann, A. and Robshaw, M.J.B. and Seurin, Y. and Vikkelsoe, C.},
pages={450-466}
}


