% Encoding: UTF-8

@InProceedings{kaz15,
  author    = {Kumm, M and Abbas, Shahid and Zipf, Peter},
  title     = {{An Efficient Softcore Multiplier Architecture for Xilinx FPGAs}},
  booktitle = {IEEE Symposium on Computer Arithmetic (ARITH)},
  year      = {2015},
  pages     = {18--25},
}

@Comment{jabref-meta: databaseType:bibtex;}
